@book{刘海洋,
  title={LATEX入门},
  author={刘海洋},
  publisher={电子工业出版社},
  year={2013},
}
@book{胡伟,
  title={LATEX2e 完全学习手册(第2版)},
  author={胡伟},
  year={2013},
  publisher={清华大学出版社},
}